@book{mte241,
 author = {Douglas Wilhelm Harder and Jeff Zarnett and Vajih Montaghami},
 title = {A Practical Introduction to Real-Time Systems for Undergraduate Engineering},
 year = {2014},
 howpublished = { \url {https://ece.uwaterloo.ca/~dwharder/icsrts/Lecture\_materials/A\_practical\_introduction\_to\_real-time\_systems\_for\_undergraduate\_engineering.pdf} },
 note = {Online; version 0.14.12.22}
}

@misc{ece354,
	author = {Paul Dasiewicz},
	title = {ECE 354: Real-Time Operating Systems},
	year = {2007},
	note = {University of Waterloo Course Notes Winter 2007}
}

@book{osc,
 author = {Abraham Silberschatz and Peter Baer Galvin and Greg Gagne},
 title = {Operating System Concepts (9th Edition)},
 year = {2013},
 isbn = {978-1118063330},
 publisher = {John Wiley \& Sons},
} 

@book{osi,
 author = {William Stallings},
 title = {Operating Systems Internals and Design Principles (8th Edition)},
 year = {2014},
 isbn = {978-0133805913},
 publisher = {Prentice Hall},
} 

@book{mos,
 author = {Andrew S. Tanenbaum},
 title = {Modern Operating Systems, 3rd Edition},
 year = {2008},
 isbn = {978-01360066332},
 publisher = {Prentice Hall}
}

@book{lbs,
 author = {Allen B. Downey},
 title = {The Little Book of Semaphores (2nd Edition)},
 year = {2008},
 publisher = {Green Tea Press}
}

@book{mmm,
 author = {Fredrick P. Brooks},
 title = {The Mythical Man-Month},
 year = 1975,
 publisher = {Addison-Wesley Professional}
}

@misc{xkcd:compiling,
 author = {Randall Monroe},
 title = {xkcd: Compiling},
 year = {2007},
 url = {http://xkcd.com/303/},
 note = {Online; accessed 17-February-2015}
}

@book{bach86,
 author = {M. Bach},
 title = {The Design of the UNIX Operating System},
 year = {1986},
 publisher = {Prentice Hall}
}

@misc{mthread,
	author = {{Dave Marshall}},
	title = {Threads: Basic Theory and Libraries},
	year = {1999},
	url = {http://www.cs.cf.ac.uk/Dave/C/node29.html},
	note = {Online; accessed 11-December-2013},
}

@InProceedings{machThreads,
  author = 		 {Avadis Tevanian and Richard F. Rashid and David B. Golub and David L. Black and Eric Cooper and Michael W. Young},
  title = 		 {Mach Threads and the {UNIX} Kernel: The Battle for Control},
  booktitle = {Proceedings, Summer 1987 USENIX Conference},
  year = 	 {1987}
}

@book{insideOS2,
 author = {Gordon Letwin},
 title = {Inside {OS/2}},
 year = {1988},
 publisher = {Microsoft Press},
 isbn = {978-1556151170}
}

@misc{pthreads,
 author = {Blaise Barney},
 title = {{POSIX Threads Programming}},
 year = {2014},
 url = {https://computing.llnl.gov/tutorials/pthreads/},
 note = {Online; accessed 1-March-2015}
}

@InProceedings{semaphores,
 author = {Edsger Dijkstra},
 title = {{The Structure of the 'THE' Multiprogramming System}},
 booktitle = {Communications of the ACM},
 year = {1968}
}

@book{rtsda,
 author = {Phillip A. Laplante and Seppo J. Ovaska},
  title = {{Real-Time Systems Design and Analysis: Tools for the Practitioner, 4th Edition}},
  publisher = {{IEEE Press}},
  year = {2012}
}

@book{lkd,
 author = {Robert Love},
 title = {{Linux Kernel Development, 2nd Edition}},
 publisher = {Sams Publishing},
 year = {2005},
 isbn = {0-672-32720-1}
}

@InProceedings{locality,
 author = {D. Hatfield},
 title = {{Experiments on Page Size, Program Access Patterns, and Virtual Memory Performance}},
 year = {1972},
 publisher = {{IBM Journal of Research and Development}}
}

@InProceedings{vrr,
 author = {S. Haldar and D. Subramanian},
 title = {{Fairness in Processor Scheduling in Time Sharing Systems}},
 year = {1991},
 publisher = {Operating Systems Review}
}

@book{fink,
 author = {R. Finkel},
 title = {{An Operating Systems Vade Mecum}},
 year = {1988},
 publisher = {Prentice Hall}
}

@misc{ntfsacl,
	author = {Brian Dewey},
	title = {{Understanding ACLs in NTFS}},
	year = {2004},
	url = {http://blogs.msdn.com/b/brian_dewey/archive/2004/01/20/60902.aspx},
	note = {Online; accessed 13-December-2013}
}

@misc{spotlight,
    author = {John Siracusa},
    title = {{Mac OS X 10.4 Tiger}},
    year = {2005},
    url = {http://arstechnica.com/apple/2005/04/macosx-10-4/},
    note = {Online; accessed 24-May-2015}
}

@book{russ,
    author = {M. Russinovich and D. Solomon and A. Ionescu},
    title = {{Windows Internals: Covering Windows 7 and Windows Server 2008 R2}},
    year = {2011},
    publisher = {Microsoft Press}
}

@inproceedings{wastedcores,
  author    = {Jean{-}Pierre Lozi and
               Baptiste Lepers and
               Justin R. Funston and
               Fabien Gaud and
               Vivien Qu{\'{e}}ma and
               Alexandra Fedorova},
  title     = {The Linux scheduler: a decade of wasted cores},
  booktitle = {Proceedings of the Eleventh European Conference on Computer Systems,
               EuroSys 2016, London, United Kingdom, April 18-21, 2016},
  pages     = {1:1--1:16},
  year      = {2016},
  url       = {http://doi.acm.org/10.1145/2901318.2901326},
}

@misc{wastedcores2,
    author = {Adrian Coyler},
    title = {The Linux Scheduler: a Decade of Wasted Cores},
    year = {2016},
    url = {https://blog.acolyer.org/2016/04/26/the-linux-scheduler-a-decade-of-wasted-cores/},
    note = {Online; accessed 24-April-2017}
}
